@book{barto1998reinforcement,
  title={Reinforcement learning: An introduction},
  author={Barto, Andrew G and Sutton, Richard S.},
  year={1998},
  publisher={MIT press}
}

@article{tanner2009rl,
  title={RL-Glue: Language-independent software for reinforcement-learning experiments},
  author={Tanner, Brian and White, Adam},
  journal={The Journal of Machine Learning Research},
  volume={10},
  pages={2133--2136},
  year={2009},
  publisher={JMLR. org}
}

@incollection{ng2006autonomous,
  title={Autonomous inverted helicopter flight via reinforcement learning},
  author={Ng, Andrew Y and Coates, Adam and Diel, Mark and Ganapathi, Varun and Schulte, Jamie and Tse, Ben and Berger, Eric and Liang, Eric},
  booktitle={Experimental Robotics IX},
  pages={363--372},
  year={2006},
  publisher={Springer}
}

@inproceedings{dietterich2013pac,
  title={PAC Optimal Planning for Invasive Species Management: Improved Exploration for Reinforcement Learning from Simulator-Defined MDPs},
  author={Dietterich, Thomas G and Taleghan, Majid Alkaee and Crowley, Mark},
  booktitle={Twenty-Seventh AAAI Conference on Artificial Intelligence},
  year={2013}
}

@incollection{altman2002applications,
  title={Applications of Markov decision processes in communication networks},
  author={Altman, Eitan},
  booktitle={Handbook of Markov decision processes},
  pages={489--536},
  year={2002},
  publisher={Springer}
}

@article{kearns2002near,
  title={Near-optimal reinforcement learning in polynomial time},
  author={Kearns, Michael and Singh, Satinder},
  journal={Machine Learning},
  volume={49},
  number={2-3},
  pages={209--232},
  year={2002},
  publisher={Springer}
}

@article{guestrin2003efficient,
  title={Efficient solution algorithms for factored MDPs},
  author={Guestrin, Carlos and Koller, Daphne and Parr, Ronald and Venkataraman, Shobha},
  journal={J. Artif. Intell. Res.(JAIR)},
  volume={19},
  pages={399--468},
  year={2003}
}

@book{russel2002ai,
  title={Artifcial Intelligence: A Modern Approach, 2nd Ed},
  author={Russell, S. J. and Norvig, P.},
  year={2002},
  publisher={Prentice Hall}
}

@online{McCarthy2007:Online,
  author = {McCarthy, John},
  title = {What is Artificial Intelligence?},
  year = 2007,
  url = {http://www-formal.stanford.edu/jmc/whatisai/},
  urldate = {2014-02-10}
}

@article{szepesvari2010algorithms,
  title={Algorithms for reinforcement learning},
  author={Szepesv{\'a}ri, Csaba},
  journal={Synthesis Lectures on Artificial Intelligence and Machine Learning},
  volume={4},
  number={1},
  pages={1--103},
  year={2010},
  publisher={Morgan \& Claypool Publishers}
}

@article{kearns2002near,
  title={Near-optimal reinforcement learning in polynomial time},
  author={Kearns, Michael and Singh, Satinder},
  journal={Machine Learning},
  volume={49},
  number={2-3},
  pages={209--232},
  year={2002},
  publisher={Springer}
}

@article{boutilier1999decision,
  title={Decision-theoretic planning: Structural assumptions and computational leverage},
  author={Boutilier, Craig and Dean, Thomas and Hanks, Steve},
  journal={Journal Of Artificial Intelligence Research},
  volume={11},
  pages={1--94},
  year={1999}
}

@inproceedings{kearns1999efficient,
  title={Efficient reinforcement learning in factored MDPs},
  author={Kearns, Michael and Koller, Daphne},
  booktitle={IJCAI},
  volume={16},
  pages={740--747},
  year={1999}
}

@incollection{heckerman1998tutorial,
    year={1998},
    booktitle={Learning in Graphical Models},
    volume={89},
    title={A Tutorial on Learning with Bayesian Networks},
    publisher={Springer Netherlands},
    author={Heckerman, David},
    pages={301-354}
}